01REMESSA                 0025000011080       CENTRAIS DE ABASTECIMENTO DO R041BANRISUL       250724                                                                                                                                                                                                                                                                                                      000001
1                0025000011080       5800524-AGOSTO/24        0010187958                                   10100101879580108240000000125863041     08N25072418   000000000000                                             0293494649000197AURI LUIZ GROHE-ME                      AV. FERNANDO FERRARI, 1001                     1000090200041PORTO ALEGRE   RS                                           000002
1                0025000011080       5800682-AGOSTO/24        0010188032                                   10100101880320108240000000125863041     08N25072418   000000000000                                             0200538149000129COM.DE FRUTAS TRES CACHOEIRAS LTDA      AV. FERNANDO FERRARI, 1001                     1000090200041PORTO ALEGRE   RS                                           000003
1                0025000011080       5800589-AGOSTO/24        0010188113                                   10100101881130108240000000125863041     08N25072418   000000000000                                             0293774552000138COM.TRANSP.DE FRUTAS FREITAS LTDA-      AV. FERNANDO FERRARI, 1001                     1000090200041PORTO ALEGRE   RS                                           000004
1                0025000011080       0114250-AGOSTO/24        0010188296                                   10100101882960108240000000125863041     08N25072418   000000000000                                             0100066481082072DARI MARCOS FRITSCH                     AV. FERNANDO FERRARI, 1001                     1000090200041PORTO ALEGRE   RS                                           000005
1                0025000011080       5800530-AGOSTO/24        0010188377                                   10100101883770108240000000125863041     08N25072418   000000000000                                             0293510014000136FLORI D.S.ZIMMERMANN-ME                 AV. FERNANDO FERRARI, 1001                     1000090200041PORTO ALEGRE   RS                                           000006
1                0025000011080       5801930-AGOSTO/24        0010188458                                   10100101884580108240000000125863041     08N25072418   000000000000                                             0218243703000106PAULO ROBERTO KAUER - ME                AV. FERNANDO FERRARI, 1001                     1000090200041PORTO ALEGRE   RS                                           000007
1                0025000011080       5801922-AGOSTO/24        0010188520                                   10100101885200108240000000125863041     08N25072418   000000000000                                             0297142434000168PEDRO AUGUSTO DAUBERMANN-ME             AV. FERNANDO FERRARI, 1001                     1000090200041PORTO ALEGRE   RS                                           000008
1                0025000011080       5801944-AGOSTO/24        0010188601                                   10100101886010108240000000112672041     08N25072418   000000000000                                             0222248420000124RENATO SCHARDOSIM DA SILVA - ME         AV. FERNANDO FERRARI, 1001                     1000090200041PORTO ALEGRE   RS                                           000009
1                0025000011080       5801942-AGOSTO/24        0010188784                                   10100101887840108240000000125863041     08N25072418   000000000000                                             0232257059000156S LEFFA EVALDT                          AV. FERNANDO FERRARI, 1001                     1000090200041PORTO ALEGRE   RS                                           000010
1                0025000011080       5801948-AGOSTO/24        0010188865                                   10100101888650108240000000125863041     08N25072418   000000000000                                             0225362947000173TDR COMERCIO DE HORTIGRANJEIROS LT      AV. FERNANDO FERRARI, 1001                     1000090200041PORTO ALEGRE   RS                                           000011
1                0025000011080       5801936-AGOSTO/24        0010188946                                   10100101889460108240000000125863041     08N25072418   000000000000                                             0221053388000169TRANSP. E COM. DE FRUTAS VOGT - ME      AV. FERNANDO FERRARI, 1001                     1000090200041PORTO ALEGRE   RS                                           000012
1                0025000011080       5500941-AGOSTO/24        0010189020                                   10100101890200108240000000125863041     08N25072418   000000000000                                             0207327428000192TRANSPORTES E COM.DE FRUTAS CAMPES      AV. FERNANDO FERRARI, 1001                     1000090200041PORTO ALEGRE   RS                                           000013
1                0025000011080       5800588-AGOSTO/24        0010189101                                   10100101891010108240000000125863041     08N25072418   000000000000                                             0293781243000195WALDIR R.MEINE - ME                     AV. FERNANDO FERRARI, 1001                     1000090200041PORTO ALEGRE   RS                                           000014
9                          0000001623028                                                                                                                                                                                                                                                                                                                                                                  000015
