01REMESSA                 0025000011080       CENTRAIS DE ABASTECIMENTO DO R041BANRISUL       250724                                                                                                                                                                                                                                                                                                      000001
1                0025000011080       0133001-MAIO/24          0010191572                                   10100101915720108240000000077088041     08N25072418   000000000000                                             0100025696343015ALMIRO ROSA DA ROCHA                    AV. FERNANDO FERRARI, 1001                     1000090200041PORTO ALEGRE   RS                                           000002
1                0025000011080       0133002-MAIO/24          0010191653                                   10100101916530108240000000179921041     08N25072418   000000000000                                             0100047763400030ANDRE F.D'AGOSTINI-GR.VIZ.HORTI D`      AV. FERNANDO FERRARI, 1001                     1000090200041PORTO ALEGRE   RS                                           000003
1                0025000011080       0133007-MAIO/24          0010191998                                   10100101919980108240000000077254041     08N25072418   000000000000                                             0100039836983015CELSO RAUBER                            AV. FERNANDO FERRARI, 1001                     1000090200041PORTO ALEGRE   RS                                           000004
1                0025000011080       0133013-MAIO/24          0010192234                                   10100101922340108240000000077088041     08N25072418   000000000000                                             0100023223545034FLAMERIS JOSE STUANI                    AV. FERNANDO FERRARI, 1001                     1000090200041PORTO ALEGRE   RS                                           000005
1                0025000011080       0133015-MAIO/24          0010192315                                   10100101923150108240000000077088041     08N25072418   000000000000                                             0100039836304053GILMAR HOFSTATTER                       AV. FERNANDO FERRARI, 1001                     1000090200041PORTO ALEGRE   RS                                           000006
1                0025000011080       0133016-MAIO/24          0010192498                                   10100101924980108240000000154507041     08N25072418   000000000000                                             0100001946950009HIROSHI ANTONIO WATANABE                AV. FERNANDO FERRARI, 1001                     1000090200041PORTO ALEGRE   RS                                           000007
1                0025000011080       0133019-MAIO/24          0010192560                                   10100101925600108240000000077088041     08N25072418   000000000000                                             0100088973638068JECSON ANTONIO TOME                     AV. FERNANDO FERRARI, 1001                     1000090200041PORTO ALEGRE   RS                                           000008
1                0025000011080       0133027-MAIO/24          0010192641                                   10100101926410108240000000087531041     08N25072418   000000000000                                             0100056746750078MARCOS A. MAZZAROTTO-GR.VIZ.VIZENT      AV. FERNANDO FERRARI, 1001                     1000090200041PORTO ALEGRE   RS                                           000009
1                0025000011080       0133029-MAIO/24          0010192722                                   10100101927220108240000000077583041     08N25072418   000000000000                                             0100072464488020MIGUEL RIZZOTTO                         AV. FERNANDO FERRARI, 1001                     1000090200041PORTO ALEGRE   RS                                           000010
1                0025000011080       0133030-MAIO/24          0010192803                                   10100101928030108240000000089960041     08N25072418   000000000000                                             0100034454870063MOACIR INACIO SILVESTRE-GR.VIZ.FAM      AV. FERNANDO FERRARI, 1001                     1000090200041PORTO ALEGRE   RS                                           000011
1                0025000011080       0133033-MAIO/24          0010193060                                   10100101930600108240000000077088041     08N25072418   000000000000                                             0100068345704034PAULO FABIEL FRANZ                      AV. FERNANDO FERRARI, 1001                     1000090200041PORTO ALEGRE   RS                                           000012
1                0025000011080       0133037-MAIO/24          0010193303                                   10100101933030108240000000097000041     08N25072418   000000000000                                             0100028457250000PEDRO BERTOLLO-GR.VIZ. IRMAOS BERT      AV. FERNANDO FERRARI, 1001                     1000090200041PORTO ALEGRE   RS                                           000013
1                0025000011080       0133039-MAIO/24          0010193559                                   10100101935590108240000000089960041     08N25072418   000000000000                                             0100022915451087ROMEO BACH - GRUPO VIZ. GRANJA FEL      AV. FERNANDO FERRARI, 1001                     1000090200041PORTO ALEGRE   RS                                           000014
1                0025000011080       0133042-MAIO/24          0010193648                                   10100101936480108240000000181139041     08N25072418   000000000000                                             0100012255955091VALMOCI DE O. GONCALVES-GRUPO VIZ.      AV. FERNANDO FERRARI, 1001                     1000090200041PORTO ALEGRE   RS                                           000015
1                0025000011080       0133045-MAIO/24          0010193893                                   10100101938930108240000000186783041     08N25072418   000000000000                                             0100026421160000YASUSHI KIRIYAMA - GRUPO VIZ. NOS       AV. FERNANDO FERRARI, 1001                     1000090200041PORTO ALEGRE   RS                                           000016
9                          0000001607078                                                                                                                                                                                                                                                                                                                                                                  000017
