01REMESSA                 0025000011080       CENTRAIS DE ABASTECIMENTO DO R041BANRISUL       250724                                                                                                                                                                                                                                                                                                      000001
1                0025000011080       5900654-AGOSTO/24        0010189284                                   10100101892840108240000000185306041     08N25072418   000000000000                                             0294191038000132ALORI DA ROSA SANTANA-ME                AV. FERNANDO FERRARI, 1001                     1000090200041PORTO ALEGRE   RS                                           000002
1                0025000011080       5900680-AGOSTO/24        0010189365                                   10100101893650108240000000092651041     08N25072418   000000000000                                             0294674827000124ALZEMIRO SANTOS DOS SANTOS - ME         AV. FERNANDO FERRARI, 1001                     1000090200041PORTO ALEGRE   RS                                           000003
1                0025000011080       5201702-AGOSTO/24        0010189446                                   10100101894460108240000000315400041     08N25072418   000000000000                                             0244330062000137ANDRYEL DE CARVALHO AQUINO              AV. FERNANDO FERRARI, 1001                     1000090200041PORTO ALEGRE   RS                                           000004
1                0025000011080       5200760-AGOSTO/24        0010189691                                   10100101896910108240000000174722041     08N25072418   000000000000                                             0201198982000130CARMEN ELENA WEIRICH - ME               AV. FERNANDO FERRARI, 1001                     1000090200041PORTO ALEGRE   RS                                           000005
1                0025000011080       5900693-AGOSTO/24        0010189772                                   10100101897720108240000000185306041     08N25072418   000000000000                                             0205589799000117CHARLES ADRIANO DOS SANTOS              AV. FERNANDO FERRARI, 1001                     1000090200041PORTO ALEGRE   RS                                           000006
1                0025000011080       5900657-AGOSTO/24        0010189853                                   10100101898530108240000000185306041     08N25072418   000000000000                                             0290516840000102COM.DE REPOLHOS ROCHA LTDA-ME           AV. FERNANDO FERRARI, 1001                     1000090200041PORTO ALEGRE   RS                                           000007
1                0025000011080       5801927-AGOSTO/24        0010189934                                   10100101899340108240000000359876041     08N25072418   000000000000                                             0212161605000143DEISI SOUZA DA ROCHA                    AV. FERNANDO FERRARI, 1001                     1000090200041PORTO ALEGRE   RS                                           000008
1                0025000011080       5201546-AGOSTO/24        0010190096                                   10100101900960108240000000174722041     08N25072418   000000000000                                             0224932405000126DOUGLAS SERAFIM NETO                    AV. FERNANDO FERRARI, 1001                     1000090200041PORTO ALEGRE   RS                                           000009
1                0025000011080       5300022-AGOSTO/24        0010190177                                   10100101901770108240000000359876041     08N25072418   000000000000                                             0297098917000102EDISON LAUTENSCHLAEGER-ME               AV. FERNANDO FERRARI, 1001                     1000090200041PORTO ALEGRE   RS                                           000010
1                0025000011080       5900665-AGOSTO/24        0010190258                                   10100101902580108240000000185306041     08N25072418   000000000000                                             0294645421000113INEIA MIRANDA - ME                      AV. FERNANDO FERRARI, 1001                     1000090200041PORTO ALEGRE   RS                                           000011
1                0025000011080       5900648-AGOSTO/24        0010190339                                   10100101903390108240000000087359041     08N25072418   000000000000                                             0294173796000128JOAO FERREIRA NETO-ME                   AV. FERNANDO FERRARI, 1001                     1000090200041PORTO ALEGRE   RS                                           000012
1                0025000011080       5900637-AGOSTO/24        0010190428                                   10100101904280108240000000087359041     08N25072418   000000000000                                             0294416765000150LUIZ ALBERTO DA SILVA-ME                AV. FERNANDO FERRARI, 1001                     1000090200041PORTO ALEGRE   RS                                           000013
1                0025000011080       5201578-AGOSTO/24        0010190584                                   10100101905840108240000000174722041     08N25072418   000000000000                                             0231854890000122MARIA ISABEL CARDOZO BARCELLOS          AV. FERNANDO FERRARI, 1001                     1000090200041PORTO ALEGRE   RS                                           000014
1                0025000011080       5200003-AGOSTO/24        0010190665                                   10100101906650108240000000185306041     08N25072418   000000000000                                             0201187941000149MARQUIS ALVARES DE OLIVEIRA-ME          AV. FERNANDO FERRARI, 1001                     1000090200041PORTO ALEGRE   RS                                           000015
1                0025000011080       5300027-AGOSTO/24        0010190746                                   10100101907460108240000000216044041     08N25072418   000000000000                                             0292370337000109MAURICIO DE SA - ME                     AV. FERNANDO FERRARI, 1001                     1000090200041PORTO ALEGRE   RS                                           000016
1                0025000011080       5900653-AGOSTO/24        0010190827                                   10100101908270108240000000092651041     08N25072418   000000000000                                             0294159605000173NELSON DA SILVA-ME                      AV. FERNANDO FERRARI, 1001                     1000090200041PORTO ALEGRE   RS                                           000017
1                0025000011080       5200010-AGOSTO/24        0010190908                                   10100101909080108240000000185306041     08N25072418   000000000000                                             0289142236000176OLIVEIRA E ILHA LTDA - ME               AV. FERNANDO FERRARI, 1001                     1000090200041PORTO ALEGRE   RS                                           000018
1                0025000011080       5200011-AGOSTO/24        0010191084                                   10100101910840108240000000185306041     08N25072418   000000000000                                             0288962469000152OLMINDO ROSA DE OLIVEIRA-ME             AV. FERNANDO FERRARI, 1001                     1000090200041PORTO ALEGRE   RS                                           000019
1                0025000011080       5201575-AGOSTO/24        0010191165                                   10100101911650108240000000174722041     08N25072418   000000000000                                             0232061437000121ROBINSON COM.VAREJISTA DE HORT.- E      AV. FERNANDO FERRARI, 1001                     1000090200041PORTO ALEGRE   RS                                           000020
1                0025000011080       5300582-AGOSTO/24        0010191246                                   10100101912460108240000000359876041     08N25072418   000000000000                                             0203248936000124RODA LANCHES LTDA                       AV. FERNANDO FERRARI, 1001                     1000090200041PORTO ALEGRE   RS                                           000021
1                0025000011080       5900698-AGOSTO/24        0010191327                                   10100101913270108240000000090720041     08N25072418   000000000000                                             0226297161000182SABOR E SAUDE ORGANICOS IND E COM.      AV. FERNANDO FERRARI, 1001                     1000090200041PORTO ALEGRE   RS                                           000022
1                0025000011080       5300581-AGOSTO/24        0010191408                                   10100101914080108240000000227208041     08N25072418   000000000000                                             0297011381000146VINICIUS BERNARDES GONCALVES-ME         AV. FERNANDO FERRARI, 1001                     1000090200041PORTO ALEGRE   RS                                           000023
9                          0000004285050                                                                                                                                                                                                                                                                                                                                                                  000024
