01REMESSA                 0025000011080       CENTRAIS DE ABASTECIMENTO DO R041BANRISUL       250724                                                                                                                                                                                                                                                                                                      000001
1                0025000011080       7100732-AGOSTO/24        0010193974                                   10100101939740108240000000086939041     08N25072418   000000000000                                             0100000697650065GRUPO DE VIZ VALE DA ALFACE             AV. FERNANDO FERRARI, 1001                     1000090200041PORTO ALEGRE   RS                                           000002
1                0025000011080       7100407-AGOSTO/24        0010194059                                   10100101940590108240000000102059041     08N25072418   000000000000                                             0100002350425959GRUPO DE VIZ. AJE                       AV. FERNANDO FERRARI, 1001                     1000090200041PORTO ALEGRE   RS                                           000003
1                0025000011080       7100691-AGOSTO/24        0010194148                                   10100101941480108240000000164011041     08N25072418   000000000000                                             0100031783848049GRUPO VIZ. 4 AMIGOS                     AV. FERNANDO FERRARI, 1001                     1000090200041PORTO ALEGRE   RS                                           000004
1                0025000011080       7100140-AGOSTO/24        0010194210                                   10100101942100108240000000092348041     08N25072418   000000000000                                             0100021086524004GRUPO VIZ. ALEMAO                       AV. FERNANDO FERRARI, 1001                     1000090200041PORTO ALEGRE   RS                                           000005
1                0025000011080       7100082-AGOSTO/24        0010194393                                   10100101943930108240000000115611041     08N25072418   000000000000                                             0100047054050053GRUPO VIZ. ALTO DA SERRA                AV. FERNANDO FERRARI, 1001                     1000090200041PORTO ALEGRE   RS                                           000006
1                0025000011080       7100302-AGOSTO/24        0010194628                                   10100101946280108240000000092348041     08N25072418   000000000000                                             0100055045090097GRUPO VIZ. AMIGOS DO RONCADOR           AV. FERNANDO FERRARI, 1001                     1000090200041PORTO ALEGRE   RS                                           000007
1                0025000011080       7100173-AGOSTO/24        0010194709                                   10100101947090108240000000086939041     08N25072418   000000000000                                             0100035979933034GRUPO VIZ. AMIGOS DO TEEWALD            AV. FERNANDO FERRARI, 1001                     1000090200041PORTO ALEGRE   RS                                           000008
1                0025000011080       7100727-AGOSTO/24        0010195128                                   10100101951280108240000000090995041     08N25072418   000000000000                                             0100000643230050GRUPO VIZ. BANA BARG                    AV. FERNANDO FERRARI, 1001                     1000090200041PORTO ALEGRE   RS                                           000009
1                0025000011080       7100729-AGOSTO/24        0010195209                                   10100101952090108240000000098116041     08N25072418   000000000000                                             0100069279756087GRUPO VIZ. BANANA DOM PEDRO             AV. FERNANDO FERRARI, 1001                     1000090200041PORTO ALEGRE   RS                                           000010
1                0025000011080       7100726-AGOSTO/24        0010195381                                   10100101953810108240000000098116041     08N25072418   000000000000                                             0100040356388034GRUPO VIZ. BANANA LOPES                 AV. FERNANDO FERRARI, 1001                     1000090200041PORTO ALEGRE   RS                                           000011
1                0025000011080       7100665-AGOSTO/24        0010195462                                   10100101954620108240000000108409041     08N25072418   000000000000                                             0100000582118026GRUPO VIZ. BANANA LUMERTZ               AV. FERNANDO FERRARI, 1001                     1000090200041PORTO ALEGRE   RS                                           000012
1                0025000011080       7100614-AGOSTO/24        0010195535                                   10100101955350108240000000094153041     08N25072418   000000000000                                             0100035459824087GRUPO VIZ. BANANAS DOM PEDRENSE         AV. FERNANDO FERRARI, 1001                     1000090200041PORTO ALEGRE   RS                                           000013
1                0025000011080       7100716-AGOSTO/24        0010195616                                   10100101956160108240000000093743041     08N25072418   000000000000                                             0100076471039034GRUPO VIZ. BANATORRES                   AV. FERNANDO FERRARI, 1001                     1000090200041PORTO ALEGRE   RS                                           000014
1                0025000011080       7100126-AGOSTO/24        0010195799                                   10100101957990108240000000098116041     08N25072418   000000000000                                             0100044705816072GRUPO VIZ. BANAVAL                      AV. FERNANDO FERRARI, 1001                     1000090200041PORTO ALEGRE   RS                                           000015
1                0025000011080       7100503-AGOSTO/24        0010195888                                   10100101958880108240000000092348041     08N25072418   000000000000                                             0100026924528015GRUPO VIZ. BARCAROLO E DAMBROS          AV. FERNANDO FERRARI, 1001                     1000090200041PORTO ALEGRE   RS                                           000016
1                0025000011080       7100598-AGOSTO/24        0010195950                                   10100101959500108240000000092348041     08N25072418   000000000000                                             0100003797988087GRUPO VIZ. BERGONSI                     AV. FERNANDO FERRARI, 1001                     1000090200041PORTO ALEGRE   RS                                           000017
1                0025000011080       7100164-AGOSTO/24        0010196035                                   10100101960350108240000000086939041     08N25072418   000000000000                                             0100043211798072GRUPO VIZ. BOA ESPERANCA                AV. FERNANDO FERRARI, 1001                     1000090200041PORTO ALEGRE   RS                                           000018
1                0025000011080       7100542-AGOSTO/24        0010196116                                   10100101961160108240000000092348041     08N25072418   000000000000                                             0100056758286053GRUPO VIZ. BOBSIN                       AV. FERNANDO FERRARI, 1001                     1000090200041PORTO ALEGRE   RS                                           000019
1                0025000011080       7100030-AGOSTO/24        0010196299                                   10100101962990108240000000086939041     08N25072418   000000000000                                             0100037346385004GRUPO VIZ. BONS AMIGOS                  AV. FERNANDO FERRARI, 1001                     1000090200041PORTO ALEGRE   RS                                           000020
1                0025000011080       7100264-AGOSTO/24        0010196388                                   10100101963880108240000000086939041     08N25072418   000000000000                                             0100016583019000GRUPO VIZ. BOTTCHER                     AV. FERNANDO FERRARI, 1001                     1000090200041PORTO ALEGRE   RS                                           000021
1                0025000011080       7100671-AGOSTO/24        0010196450                                   10100101964500108240000000092348041     08N25072418   000000000000                                             0100028740246000GRUPO VIZ. BRANQUINHO                   AV. FERNANDO FERRARI, 1001                     1000090200041PORTO ALEGRE   RS                                           000022
1                0025000011080       7100314-AGOSTO/24        0010196604                                   10100101966040108240000000099576041     08N25072418   000000000000                                             0100013324039053GRUPO VIZ. CAMANDULLI                   AV. FERNANDO FERRARI, 1001                     1000090200041PORTO ALEGRE   RS                                           000023
1                0025000011080       7100702-AGOSTO/24        0010196787                                   10100101967870108240000000076593041     08N25072418   000000000000                                             0100041340264072GRUPO VIZ. CARAVAGINHO                  AV. FERNANDO FERRARI, 1001                     1000090200041PORTO ALEGRE   RS                                           000024
1                0025000011080       7100715-AGOSTO/24        0010196868                                   10100101968680108240000000092348041     08N25072418   000000000000                                             0100031183417004GRUPO VIZ. CECCATO                      AV. FERNANDO FERRARI, 1001                     1000090200041PORTO ALEGRE   RS                                           000025
1                0025000011080       7100651-AGOSTO/24        0010196949                                   10100101969490108240000000099576041     08N25072418   000000000000                                             0100099188732053GRUPO VIZ. CECHIN E TURELLA             AV. FERNANDO FERRARI, 1001                     1000090200041PORTO ALEGRE   RS                                           000026
1                0025000011080       7100654-AGOSTO/24        0010197023                                   10100101970230108240000000108409041     08N25072418   000000000000                                             0100031425321020GRUPO VIZ. COSTA DA SERRA               AV. FERNANDO FERRARI, 1001                     1000090200041PORTO ALEGRE   RS                                           000027
1                0025000011080       7100703-AGOSTO/24        0010197104                                   10100101971040108240000000086939041     08N25072418   000000000000                                             0100014795760004GRUPO VIZ. DA SERRA                     AV. FERNANDO FERRARI, 1001                     1000090200041PORTO ALEGRE   RS                                           000028
1                0025000011080       7100722-AGOSTO/24        0010197287                                   10100101972870108240000000089498041     08N25072418   000000000000                                             0100034414592020GRUPO VIZ. DALAGNOL E MOSCHEN           AV. FERNANDO FERRARI, 1001                     1000090200041PORTO ALEGRE   RS                                           000029
1                0025000011080       7100380-AGOSTO/24        0010197368                                   10100101973680108240000000099576041     08N25072418   000000000000                                             0100016429150097GRUPO VIZ. DEON                         AV. FERNANDO FERRARI, 1001                     1000090200041PORTO ALEGRE   RS                                           000030
1                0025000011080       7100687-AGOSTO/24        0010197511                                   10100101975110108240000000099576041     08N25072418   000000000000                                             0100048775169053GRUPO VIZ. DUARTE                       AV. FERNANDO FERRARI, 1001                     1000090200041PORTO ALEGRE   RS                                           000031
1                0025000011080       7100273-AGOSTO/24        0010197694                                   10100101976940108240000000184702041     08N25072418   000000000000                                             0100077799313072GRUPO VIZ. ENGEROFF                     AV. FERNANDO FERRARI, 1001                     1000090200041PORTO ALEGRE   RS                                           000032
1                0025000011080       7100594-AGOSTO/24        0010197856                                   10100101978560108240000000092348041     08N25072418   000000000000                                             0100063410176004GRUPO VIZ. FAMILIA PRADO                AV. FERNANDO FERRARI, 1001                     1000090200041PORTO ALEGRE   RS                                           000033
1                0025000011080       7100632-AGOSTO/24        0010197937                                   10100101979370108240000000086939041     08N25072418   000000000000                                             0100001902003080GRUPO VIZ. FAMILIA SILVESTRE            AV. FERNANDO FERRARI, 1001                     1000090200041PORTO ALEGRE   RS                                           000034
1                0025000011080       7100428-AGOSTO/24        0010198011                                   10100101980110108240000000092348041     08N25072418   000000000000                                             0100008831904000GRUPO VIZ. FAMILIA WEIMER               AV. FERNANDO FERRARI, 1001                     1000090200041PORTO ALEGRE   RS                                           000035
1                0025000011080       7100166-AGOSTO/24        0010198194                                   10100101981940108240000000092348041     08N25072418   000000000000                                             0100019420315053GRUPO VIZ. FAORO EMMER                  AV. FERNANDO FERRARI, 1001                     1000090200041PORTO ALEGRE   RS                                           000036
1                0025000011080       7100682-AGOSTO/24        0010198275                                   10100101982750108240000000092348041     08N25072418   000000000000                                             0100027775160063GRUPO VIZ. FAZENDA PEDRAS BRANCAS       AV. FERNANDO FERRARI, 1001                     1000090200041PORTO ALEGRE   RS                                           000037
1                0025000011080       7100039-AGOSTO/24        0010198356                                   10100101983560108240000000092348041     08N25072418   000000000000                                             0100031135854068GRUPO VIZ. FAZENDA SOUZA                AV. FERNANDO FERRARI, 1001                     1000090200041PORTO ALEGRE   RS                                           000038
1                0025000011080       7100334-AGOSTO/24        0010198518                                   10100101985180108240000000092348041     08N25072418   000000000000                                             0100095321721068GRUPO VIZ. FM                           AV. FERNANDO FERRARI, 1001                     1000090200041PORTO ALEGRE   RS                                           000039
1                0025000011080       7100234-AGOSTO/24        0010198682                                   10100101986820108240000000092348041     08N25072418   000000000000                                             0100031781934053GRUPO VIZ. FRITSCH                      AV. FERNANDO FERRARI, 1001                     1000090200041PORTO ALEGRE   RS                                           000040
1                0025000011080       7100730-AGOSTO/24        0010198844                                   10100101988440108240000000090995041     08N25072418   000000000000                                             0100075381931034GRUPO VIZ. FRUTI NOSTRI                 AV. FERNANDO FERRARI, 1001                     1000090200041PORTO ALEGRE   RS                                           000041
1                0025000011080       7100035-AGOSTO/24        0010199018                                   10100101990180108240000000092348041     08N25072418   000000000000                                             0100033757291034GRUPO VIZ. GIOTTI E ISOTON              AV. FERNANDO FERRARI, 1001                     1000090200041PORTO ALEGRE   RS                                           000042
1                0025000011080       7100402-AGOSTO/24        0010199182                                   10100101991820108240000000092348041     08N25072418   000000000000                                             0100060827947020GRUPO VIZ. GLORINHA                     AV. FERNANDO FERRARI, 1001                     1000090200041PORTO ALEGRE   RS                                           000043
1                0025000011080       7100724-AGOSTO/24        0010199506                                   10100101995060108240000000086939041     08N25072418   000000000000                                             0100054605300082GRUPO VIZ. GRUPO DO PASSO               AV. FERNANDO FERRARI, 1001                     1000090200041PORTO ALEGRE   RS                                           000044
1                0025000011080       7100731-AGOSTO/24        0010199670                                   10100101996700108240000000090995041     08N25072418   000000000000                                             0100066985463053GRUPO VIZ. GRUPO HAUSER                 AV. FERNANDO FERRARI, 1001                     1000090200041PORTO ALEGRE   RS                                           000045
1                0025000011080       7100586-AGOSTO/24        0010199751                                   10100101997510108240000000092348041     08N25072418   000000000000                                             0100006048374020GRUPO VIZ. GRUPO IRMAOS RIVA            AV. FERNANDO FERRARI, 1001                     1000090200041PORTO ALEGRE   RS                                           000046
1                0025000011080       7100222-AGOSTO/24        0010199832                                   10100101998320108240000000092348041     08N25072418   000000000000                                             0100063341131000GRUPO VIZ. GRUPO PARCERIA               AV. FERNANDO FERRARI, 1001                     1000090200041PORTO ALEGRE   RS                                           000047
1                0025000011080       7100149-AGOSTO/24        0010200075                                   10100102000750108240000000102059041     08N25072418   000000000000                                             0100045399867087GRUPO VIZ. HECK                         AV. FERNANDO FERRARI, 1001                     1000090200041PORTO ALEGRE   RS                                           000048
1                0025000011080       7100259-AGOSTO/24        0010200156                                   10100102001560108240000000086939041     08N25072418   000000000000                                             0100057680892091GRUPO VIZ. HILLESHEIM                   AV. FERNANDO FERRARI, 1001                     1000090200041PORTO ALEGRE   RS                                           000049
1                0025000011080       7100717-AGOSTO/24        0010200237                                   10100102002370108240000000086939041     08N25072418   000000000000                                             0100042104190010GRUPO VIZ. HONESTIDADE                  AV. FERNANDO FERRARI, 1001                     1000090200041PORTO ALEGRE   RS                                           000050
1                0025000011080       7100543-AGOSTO/24        0010200318                                   10100102003180108240000000092348041     08N25072418   000000000000                                             0100048103713015GRUPO VIZ. HORTI WITT                   AV. FERNANDO FERRARI, 1001                     1000090200041PORTO ALEGRE   RS                                           000051
1                0025000011080       7100491-AGOSTO/24        0010200490                                   10100102004900108240000000103802041     08N25072418   000000000000                                             0100017529638068GRUPO VIZ. HORTIFRUTIGRANJEIRO LIS      AV. FERNANDO FERRARI, 1001                     1000090200041PORTO ALEGRE   RS                                           000052
1                0025000011080       7100636-AGOSTO/24        0010200563                                   10100102005630108240000000087548041     08N25072418   000000000000                                             0100061165158000GRUPO VIZ. HORTIGRANJEIROS LORENZ       AV. FERNANDO FERRARI, 1001                     1000090200041PORTO ALEGRE   RS                                           000053
1                0025000011080       7100086-AGOSTO/24        0010200725                                   10100102007250108240000000092348041     08N25072418   000000000000                                             0100056671806004GRUPO VIZ. IRMAOS FORLIN                AV. FERNANDO FERRARI, 1001                     1000090200041PORTO ALEGRE   RS                                           000054
1                0025000011080       7100499-AGOSTO/24        0010200806                                   10100102008060108240000000092348041     08N25072418   000000000000                                             0100069422907004GRUPO VIZ. ITATI                        AV. FERNANDO FERRARI, 1001                     1000090200041PORTO ALEGRE   RS                                           000055
1                0025000011080       7100681-AGOSTO/24        0010200989                                   10100102009890108240000000092348041     08N25072418   000000000000                                             0100029917344004GRUPO VIZ. JACOBSEN                     AV. FERNANDO FERRARI, 1001                     1000090200041PORTO ALEGRE   RS                                           000056
1                0025000011080       7100075-AGOSTO/24        0010201063                                   10100102010630108240000000077196041     08N25072418   000000000000                                             0100071830090097GRUPO VIZ. JACOBUS                      AV. FERNANDO FERRARI, 1001                     1000090200041PORTO ALEGRE   RS                                           000057
1                0025000011080       7100438-AGOSTO/24        0010201144                                   10100102011440108240000000092348041     08N25072418   000000000000                                             0100014047071072GRUPO VIZ. JACOBY                       AV. FERNANDO FERRARI, 1001                     1000090200041PORTO ALEGRE   RS                                           000058
1                0025000011080       7100510-AGOSTO/24        0010201225                                   10100102012250108240000000092348041     08N25072418   000000000000                                             0100022913785034GRUPO VIZ. KAISER                       AV. FERNANDO FERRARI, 1001                     1000090200041PORTO ALEGRE   RS                                           000059
1                0025000011080       7100466-AGOSTO/24        0010201306                                   10100102013060108240000000092348041     08N25072418   000000000000                                             0100061314587072GRUPO VIZ. KAMITOYIO                    AV. FERNANDO FERRARI, 1001                     1000090200041PORTO ALEGRE   RS                                           000060
1                0025000011080       7100708-AGOSTO/24        0010201489                                   10100102014890108240000000077196041     08N25072418   000000000000                                             0100096011629091GRUPO VIZ. KICH                         AV. FERNANDO FERRARI, 1001                     1000090200041PORTO ALEGRE   RS                                           000061
1                0025000011080       7100648-AGOSTO/24        0010201551                                   10100102015510108240000000086939041     08N25072418   000000000000                                             0100062987070004GRUPO VIZ. KIEKOW                       AV. FERNANDO FERRARI, 1001                     1000090200041PORTO ALEGRE   RS                                           000062
1                0025000011080       7100699-AGOSTO/24        0010201632                                   10100102016320108240000000086939041     08N25072418   000000000000                                             0100081647263034GRUPO VIZ. LAMB                         AV. FERNANDO FERRARI, 1001                     1000090200041PORTO ALEGRE   RS                                           000063
1                0025000011080       7100625-AGOSTO/24        0010201713                                   10100102017130108240000000086939041     08N25072418   000000000000                                             0100056357630900GRUPO VIZ. LINHA NOVA                   AV. FERNANDO FERRARI, 1001                     1000090200041PORTO ALEGRE   RS                                           000064
1                0025000011080       7100044-AGOSTO/24        0010201896                                   10100102018960108240000000092348041     08N25072418   000000000000                                             0100002249541051GRUPO VIZ. LINHA NOVA BAIXA             AV. FERNANDO FERRARI, 1001                     1000090200041PORTO ALEGRE   RS                                           000065
1                0025000011080       7100390-AGOSTO/24        0010201977                                   10100102019770108240000000099576041     08N25072418   000000000000                                             0100044560001049GRUPO VIZ. LINHA PELUCIOS               AV. FERNANDO FERRARI, 1001                     1000090200041PORTO ALEGRE   RS                                           000066
1                0025000011080       7100074-AGOSTO/24        0010202051                                   10100102020510108240000000086939041     08N25072418   000000000000                                             0100051573857068GRUPO VIZ. LINHA SAO PAULO              AV. FERNANDO FERRARI, 1001                     1000090200041PORTO ALEGRE   RS                                           000067
1                0025000011080       7100558-AGOSTO/24        0010202213                                   10100102022130108240000000077196041     08N25072418   000000000000                                             0100088824390030GRUPO VIZ. LULA MARTINS                 AV. FERNANDO FERRARI, 1001                     1000090200041PORTO ALEGRE   RS                                           000068
1                0025000011080       7100015-AGOSTO/24        0010202396                                   10100102023960108240000000086939041     08N25072418   000000000000                                             0100034568239087GRUPO VIZ. MAQUINE                      AV. FERNANDO FERRARI, 1001                     1000090200041PORTO ALEGRE   RS                                           000069
1                0025000011080       7100575-AGOSTO/24        0010202477                                   10100102024770108240000000108409041     08N25072418   000000000000                                             0100033779244004GRUPO VIZ. MARIANA PIMENTEL             AV. FERNANDO FERRARI, 1001                     1000090200041PORTO ALEGRE   RS                                           000070
1                0025000011080       7100204-AGOSTO/24        0010202620                                   10100102026200108240000000092348041     08N25072418   000000000000                                             0100069929580034GRUPO VIZ. MEDTLER                      AV. FERNANDO FERRARI, 1001                     1000090200041PORTO ALEGRE   RS                                           000071
1                0025000011080       7100577-AGOSTO/24        0010202701                                   10100102027010108240000000093743041     08N25072418   000000000000                                             0100032858795053GRUPO VIZ. MOLON E ZANELLA              AV. FERNANDO FERRARI, 1001                     1000090200041PORTO ALEGRE   RS                                           000072
1                0025000011080       7100698-AGOSTO/24        0010202884                                   10100102028840108240000000082003041     08N25072418   000000000000                                             0100047007478034GRUPO VIZ. MORANGO BOM PRINCIPIO        AV. FERNANDO FERRARI, 1001                     1000090200041PORTO ALEGRE   RS                                           000073
1                0025000011080       7100443-AGOSTO/24        0010202965                                   10100102029650108240000000092348041     08N25072418   000000000000                                             0100022317643004GRUPO VIZ. NONA BELA                    AV. FERNANDO FERRARI, 1001                     1000090200041PORTO ALEGRE   RS                                           000074
1                0025000011080       7100365-AGOSTO/24        0010203120                                   10100102031200108240000000077196041     08N25072418   000000000000                                             0100089089499091GRUPO VIZ. NOVA CAMALDULI               AV. FERNANDO FERRARI, 1001                     1000090200041PORTO ALEGRE   RS                                           000075
1                0025000011080       7100304-AGOSTO/24        0010203465                                   10100102034650108240000000216824041     08N25072418   000000000000                                             0100040258580020GRUPO VIZ. OS CANOENSES                 AV. FERNANDO FERRARI, 1001                     1000090200041PORTO ALEGRE   RS                                           000076
1                0025000011080       7100221-AGOSTO/24        0010203538                                   10100102035380108240000000092348041     08N25072418   000000000000                                             0100031403026068GRUPO VIZ. OS MARIENENSES               AV. FERNANDO FERRARI, 1001                     1000090200041PORTO ALEGRE   RS                                           000077
1                0025000011080       7100631-AGOSTO/24        0010203872                                   10100102038720108240000000086939041     08N25072418   000000000000                                             0100035458208072GRUPO VIZ. PAI E FILHOS E VO            AV. FERNANDO FERRARI, 1001                     1000090200041PORTO ALEGRE   RS                                           000078
1                0025000011080       7100656-AGOSTO/24        0010204038                                   10100102040380108240000000092373041     08N25072418   000000000000                                             0100096575492053GRUPO VIZ. PANIZZON E MOLON             AV. FERNANDO FERRARI, 1001                     1000090200041PORTO ALEGRE   RS                                           000079
1                0025000011080       7100596-AGOSTO/24        0010204119                                   10100102041190108240000000093743041     08N25072418   000000000000                                             0100066973791034GRUPO VIZ. PARCEIROS DO VALE            AV. FERNANDO FERRARI, 1001                     1000090200041PORTO ALEGRE   RS                                           000080
1                0025000011080       7100622-AGOSTO/24        0010204291                                   10100102042910108240000000092348041     08N25072418   000000000000                                             0100057070806000GRUPO VIZ. PARECI NOVO                  AV. FERNANDO FERRARI, 1001                     1000090200041PORTO ALEGRE   RS                                           000081
1                0025000011080       7100709-AGOSTO/24        0010204372                                   10100102043720108240000000093743041     08N25072418   000000000000                                             0100073669121072GRUPO VIZ. PARENTES                     AV. FERNANDO FERRARI, 1001                     1000090200041PORTO ALEGRE   RS                                           000082
1                0025000011080       7100078-AGOSTO/24        0010204453                                   10100102044530108240000000077196041     08N25072418   000000000000                                             0100024167363020GRUPO VIZ. PASSO FUNDO                  AV. FERNANDO FERRARI, 1001                     1000090200041PORTO ALEGRE   RS                                           000083
1                0025000011080       7100115-AGOSTO/24        0010204526                                   10100102045260108240000000092348041     08N25072418   000000000000                                             0100042313422020GRUPO VIZ. PAZU                         AV. FERNANDO FERRARI, 1001                     1000090200041PORTO ALEGRE   RS                                           000084
1                0025000011080       7100714-AGOSTO/24        0010204798                                   10100102047980108240000000093743041     08N25072418   000000000000                                             0100002894999097GRUPO VIZ. PELLIZZARO                   AV. FERNANDO FERRARI, 1001                     1000090200041PORTO ALEGRE   RS                                           000085
1                0025000011080       7100551-AGOSTO/24        0010204860                                   10100102048600108240000000117974041     08N25072418   000000000000                                             0100092404863053GRUPO VIZ. PERGHER                      AV. FERNANDO FERRARI, 1001                     1000090200041PORTO ALEGRE   RS                                           000086
1                0025000011080       7100331-AGOSTO/24        0010204941                                   10100102049410108240000000092348041     08N25072418   000000000000                                             0100037059360000GRUPO VIZ. PEVEMOR                      AV. FERNANDO FERRARI, 1001                     1000090200041PORTO ALEGRE   RS                                           000087
1                0025000011080       7100377-AGOSTO/24        0010205026                                   10100102050260108240000000082003041     08N25072418   000000000000                                             0100027703460087GRUPO VIZ. PEZZI E RAMME                AV. FERNANDO FERRARI, 1001                     1000090200041PORTO ALEGRE   RS                                           000088
1                0025000011080       7100062-AGOSTO/24        0010205107                                   10100102051070108240000000092348041     08N25072418   000000000000                                             0100032774508053GRUPO VIZ. PEZZI/RECH                   AV. FERNANDO FERRARI, 1001                     1000090200041PORTO ALEGRE   RS                                           000089
1                0025000011080       7100720-AGOSTO/24        0010205298                                   10100102052980108240000000092348041     08N25072418   000000000000                                             0100040942392000GRUPO VIZ. PINHEIRINHO DO VALE          AV. FERNANDO FERRARI, 1001                     1000090200041PORTO ALEGRE   RS                                           000090
1                0025000011080       7100697-AGOSTO/24        0010205360                                   10100102053600108240000000086939041     08N25072418   000000000000                                             0100049967541091GRUPO VIZ. PIRES BONEBERGER             AV. FERNANDO FERRARI, 1001                     1000090200041PORTO ALEGRE   RS                                           000091
1                0025000011080       7100607-AGOSTO/24        0010205441                                   10100102054410108240000000092348041     08N25072418   000000000000                                             0100028671228053GRUPO VIZ. POERSCH                      AV. FERNANDO FERRARI, 1001                     1000090200041PORTO ALEGRE   RS                                           000092
1                0025000011080       7100299-AGOSTO/24        0010205514                                   10100102055140108240000000093743041     08N25072418   000000000000                                             0100082019886049GRUPO VIZ. PRODUTORES BANANA HAHN       AV. FERNANDO FERRARI, 1001                     1000090200041PORTO ALEGRE   RS                                           000093
1                0025000011080       7100405-AGOSTO/24        0010205697                                   10100102056970108240000000092348041     08N25072418   000000000000                                             0100017638143000GRUPO VIZ. PRODUTORES PARAISO           AV. FERNANDO FERRARI, 1001                     1000090200041PORTO ALEGRE   RS                                           000094
1                0025000011080       7100034-AGOSTO/24        0010205778                                   10100102057780108240000000092348041     08N25072418   000000000000                                             0100013648179004GRUPO VIZ. QUATRO AMIGOS                AV. FERNANDO FERRARI, 1001                     1000090200041PORTO ALEGRE   RS                                           000095
1                0025000011080       7100048-AGOSTO/24        0010205948                                   10100102059480108240000000092348041     08N25072418   000000000000                                             0100080982328087GRUPO VIZ. RAMME                        AV. FERNANDO FERRARI, 1001                     1000090200041PORTO ALEGRE   RS                                           000096
1                0025000011080       7100707-AGOSTO/24        0010206014                                   10100102060140108240000000184702041     08N25072418   000000000000                                             0100039739643000GRUPO VIZ. REAL                         AV. FERNANDO FERRARI, 1001                     1000090200041PORTO ALEGRE   RS                                           000097
1                0025000011080       7100533-AGOSTO/24        0010206197                                   10100102061970108240000000092348041     08N25072418   000000000000                                             0100017539641053GRUPO VIZ. RECH E ZAMBONI               AV. FERNANDO FERRARI, 1001                     1000090200041PORTO ALEGRE   RS                                           000098
1                0025000011080       7100401-AGOSTO/24        0010206278                                   10100102062780108240000000091460041     08N25072418   000000000000                                             0100042999774087GRUPO VIZ. RIBEIRO                      AV. FERNANDO FERRARI, 1001                     1000090200041PORTO ALEGRE   RS                                           000099
1                0025000011080       7100053-AGOSTO/24        0010206359                                   10100102063590108240000000092373041     08N25072418   000000000000                                             0100064169200004GRUPO VIZ. ROSEIRAL                     AV. FERNANDO FERRARI, 1001                     1000090200041PORTO ALEGRE   RS                                           000100
1                0025000011080       7100719-AGOSTO/24        0010206502                                   10100102065020108240000000086939041     08N25072418   000000000000                                             0100048756911068GRUPO VIZ. SANTO ANTONIO IV             AV. FERNANDO FERRARI, 1001                     1000090200041PORTO ALEGRE   RS                                           000101
1                0025000011080       7100541-AGOSTO/24        0010206685                                   10100102066850108240000000086939041     08N25072418   000000000000                                             0100096626887068GRUPO VIZ. SANTOS                       AV. FERNANDO FERRARI, 1001                     1000090200041PORTO ALEGRE   RS                                           000102
1                0025000011080       7100422-AGOSTO/24        0010206766                                   10100102067660108240000000092348041     08N25072418   000000000000                                             0100048106356000GRUPO VIZ. SAO CIRO                     AV. FERNANDO FERRARI, 1001                     1000090200041PORTO ALEGRE   RS                                           000103
1                0025000011080       7100246-AGOSTO/24        0010206847                                   10100102068470108240000000092348041     08N25072418   000000000000                                             0100037853686072GRUPO VIZ. SAO JOAO                     AV. FERNANDO FERRARI, 1001                     1000090200041PORTO ALEGRE   RS                                           000104
1                0025000011080       7100081-AGOSTO/24        0010206928                                   10100102069280108240000000077196041     08N25072418   000000000000                                             0100009552839068GRUPO VIZ. SAO LUIZ                     AV. FERNANDO FERRARI, 1001                     1000090200041PORTO ALEGRE   RS                                           000105
1                0025000011080       7100421-AGOSTO/24        0010207002                                   10100102070020108240000000077196041     08N25072418   000000000000                                             0100038580314020GRUPO VIZ. SAUDE - SILVA                AV. FERNANDO FERRARI, 1001                     1000090200041PORTO ALEGRE   RS                                           000106
1                0025000011080       7100618-AGOSTO/24        0010207185                                   10100102071850108240000000082003041     08N25072418   000000000000                                             0100060160420059GRUPO VIZ. SCHARDOSIM                   AV. FERNANDO FERRARI, 1001                     1000090200041PORTO ALEGRE   RS                                           000107
1                0025000011080       7100271-AGOSTO/24        0010207347                                   10100102073470108240000000082003041     08N25072418   000000000000                                             0100001652294031GRUPO VIZ. SCHUSTER                     AV. FERNANDO FERRARI, 1001                     1000090200041PORTO ALEGRE   RS                                           000108
1                0025000011080       7100646-AGOSTO/24        0010207592                                   10100102075920108240000000086939041     08N25072418   000000000000                                             0100000510598005GRUPO VIZ. SEMPRE AMIGOS                AV. FERNANDO FERRARI, 1001                     1000090200041PORTO ALEGRE   RS                                           000109
1                0025000011080       7100415-AGOSTO/24        0010207673                                   10100102076730108240000000092348041     08N25072418   000000000000                                             0100041313712000GRUPO VIZ. SETE DE SETEMBRO             AV. FERNANDO FERRARI, 1001                     1000090200041PORTO ALEGRE   RS                                           000110
1                0025000011080       7100519-AGOSTO/24        0010207754                                   10100102077540108240000000092348041     08N25072418   000000000000                                             0100020791534049GRUPO VIZ. SUL                          AV. FERNANDO FERRARI, 1001                     1000090200041PORTO ALEGRE   RS                                           000111
1                0025000011080       7100292-AGOSTO/24        0010207835                                   10100102078350108240000000092348041     08N25072418   000000000000                                             0100038831082000GRUPO VIZ. TENROLER E BOHN              AV. FERNANDO FERRARI, 1001                     1000090200041PORTO ALEGRE   RS                                           000112
1                0025000011080       7100675-AGOSTO/24        0010207916                                   10100102079160108240000000099576041     08N25072418   000000000000                                             0100094255385068GRUPO VIZ. TERRA BOA                    AV. FERNANDO FERRARI, 1001                     1000090200041PORTO ALEGRE   RS                                           000113
1                0025000011080       7100303-AGOSTO/24        0010208173                                   10100102081730108240000000092348041     08N25072418   000000000000                                             0100041638336091GRUPO VIZ. TRES AMIGOS-C                AV. FERNANDO FERRARI, 1001                     1000090200041PORTO ALEGRE   RS                                           000114
1                0025000011080       7100563-AGOSTO/24        0010208254                                   10100102082540108240000000092348041     08N25072418   000000000000                                             0100046880852068GRUPO VIZ. TRES AMIGOS DE CAXIAS        AV. FERNANDO FERRARI, 1001                     1000090200041PORTO ALEGRE   RS                                           000115
1                0025000011080       7100695-AGOSTO/24        0010208335                                   10100102083350108240000000086939041     08N25072418   000000000000                                             0100070099243091GRUPO VIZ. TRES AMIGOS DE FLORES        AV. FERNANDO FERRARI, 1001                     1000090200041PORTO ALEGRE   RS                                           000116
1                0025000011080       7100501-AGOSTO/24        0010208580                                   10100102085800108240000000092348041     08N25072418   000000000000                                             0100061543381049GRUPO VIZ. TRES AMIGOS DE TRES CAC      AV. FERNANDO FERRARI, 1001                     1000090200041PORTO ALEGRE   RS                                           000117
1                0025000011080       7100658-AGOSTO/24        0010208661                                   10100102086610108240000000092348041     08N25072418   000000000000                                             0100027685250063GRUPO VIZ. TURELLA E MIOTTO             AV. FERNANDO FERRARI, 1001                     1000090200041PORTO ALEGRE   RS                                           000118
1                0025000011080       7100005-AGOSTO/24        0010208742                                   10100102087420108240000000108409041     08N25072418   000000000000                                             0100039097854091GRUPO VIZ. UNIDOS DO GAUCHO             AV. FERNANDO FERRARI, 1001                     1000090200041PORTO ALEGRE   RS                                           000119
1                0025000011080       7100557-AGOSTO/24        0010208904                                   10100102089040108240000000093743041     08N25072418   000000000000                                             0100042531314091GRUPO VIZ. VALE DO HERMES               AV. FERNANDO FERRARI, 1001                     1000090200041PORTO ALEGRE   RS                                           000120
1                0025000011080       7100652-AGOSTO/24        0010209080                                   10100102090800108240000000077196041     08N25072418   000000000000                                             0100028450477972GRUPO VIZ. VIER                         AV. FERNANDO FERRARI, 1001                     1000090200041PORTO ALEGRE   RS                                           000121
1                0025000011080       7100354-AGOSTO/24        0010209161                                   10100102091610108240000000082578041     08N25072418   000000000000                                             0100054376190063GRUPO VIZ. VINTE DE SETEMBRO            AV. FERNANDO FERRARI, 1001                     1000090200041PORTO ALEGRE   RS                                           000122
1                0025000011080       7100163-AGOSTO/24        0010209242                                   10100102092420108240000000090995041     08N25072418   000000000000                                             0100024102482091GRUPO VIZ. VOGT                         AV. FERNANDO FERRARI, 1001                     1000090200041PORTO ALEGRE   RS                                           000123
1                0025000011080       7100414-AGOSTO/24        0010209323                                   10100102093230108240000000092348041     08N25072418   000000000000                                             0100020477660010GRUPO VIZ. VOVO                         AV. FERNANDO FERRARI, 1001                     1000090200041PORTO ALEGRE   RS                                           000124
1                0025000011080       7100185-AGOSTO/24        0010209404                                   10100102094040108240000000099576041     08N25072418   000000000000                                             0100071805320025GRUPO VIZ. WINTER E POERSCH             AV. FERNANDO FERRARI, 1001                     1000090200041PORTO ALEGRE   RS                                           000125
1                0025000011080       7100218-AGOSTO/24        0010209668                                   10100102096680108240000000092348041     08N25072418   000000000000                                             0100029409977053GRUPO VIZ. XIRU                         AV. FERNANDO FERRARI, 1001                     1000090200041PORTO ALEGRE   RS                                           000126
1                0025000011080       7100385-AGOSTO/24        0010209811                                   10100102098110108240000000100891041     08N25072418   000000000000                                             0100003842231091GRUPO VIZ. ZONA DALAN                   AV. FERNANDO FERRARI, 1001                     1000090200041PORTO ALEGRE   RS                                           000127
1                0025000011080       7100323-AGOSTO/24        0010209994                                   10100102099940108240000000090995041     08N25072418   000000000000                                             0100056746989020GRUPO VIZ.FRUTAS BERNARDI               AV. FERNANDO FERRARI, 1001                     1000090200041PORTO ALEGRE   RS                                           000128
9                          0000012024102                                                                                                                                                                                                                                                                                                                                                                  000129
